@article{lischke2016analyzing,
  title={Analyzing the bitcoin network: The first four years},
  author={Lischke, Matthias and Fabian, Benjamin},
  journal={Future Internet},
  volume={8},
  number={1},
  pages={7},
  year={2016},
  publisher={Multidisciplinary Digital Publishing Institute}
}

@misc{payette2017characterizing,
  title={Characterizing the ethereum address space},
  author={Payette, James and Schwager, Samuel and Murphy, Joseph},
  year={2017}
}

@inproceedings{chan2017ethereum,
  title={Ethereum transaction graph analysis},
  author={Chan, Wren and Olmsted, Aspen},
  booktitle={2017 12th International Conference for Internet Technology and Secured Transactions (ICITST)},
  pages={498--500},
  year={2017},
  organization={IEEE}
}

@inproceedings{li2017etherql,
  title={EtherQL: a query layer for blockchain system},
  author={Li, Yang and Zheng, Kai and Yan, Ying and Liu, Qi and Zhou, Xiaofang},
  booktitle={International Conference on Database Systems for Advanced Applications},
  pages={556--567},
  year={2017},
  organization={Springer}
}

@inproceedings{anoaica2018quantitative,
  title={Quantitative Description of Internal Activity on the Ethereum Public Blockchain},
  author={Anoaica, Andra and Levard, Hugo},
  booktitle={New Technologies, Mobility and Security (NTMS), 2018 9th IFIP International Conference on},
  pages={1--5},
  year={2018},
  organization={IEEE}
}

@article{somin2018social,
  title={Social Signals in the Ethereum Trading Network},
  author={Somin, Shahar and Gordon, Goren and Altshuler, Yaniv},
  journal={arXiv preprint arXiv:1805.12097},
  year={2018}
}

@inproceedings{chen2018understanding,
  title={Understanding Ethereum via Graph Analysis},
  author={Chen, Ting and Zhu, Yuxiao and Li, Zihao and Chen, Jiachi and Li, Xiaoqi and Luo, Xiapu and Lin, Xiaodong and Zhange, Xiaosong},
  booktitle={IEEE INFOCOM 2018-IEEE Conference on Computer Communications},
  pages={1484--1492},
  year={2018},
  organization={IEEE}
}

@article{buterin2014next,
  title={A next-generation smart contract and decentralized application platform},
  author={Buterin, Vitalik and others},
  journal={white paper},
  year={2014}
}

@article{wood2014ethereum,
  title={Ethereum: A secure decentralised generalised transaction ledger},
  author={Wood, Gavin},
  journal={Ethereum project yellow paper},
  volume={151},
  pages={1--32},
  year={2014}
}

@article{maesa2018blockchain,
  title={Blockchain Applications: Bitcoin and Beyond},
  author={MAESA, DAMIANO DI FRANCESCO},
  year={2018}
}

@mastersthesis{rudlang2017comparative,
  title={Comparative Analysis of Bitcoin and Ethereum},
  author={Rudlang, Marit},
  year={2017},
  school={NTNU}
}

@article{sapuric2017distributed,
  title={In Which Distributed Ledger Do We Trust? A Comparative Analysis Of Cryptocurrencies},
  author={Sapuric, Svetlana and Kokkinaki, Angelika and Georgiou, Ifigenia},
  journal={MCIS 2017 Proceedings},
  year={2017}
}

@article{anderson2016new,
  title={New kids on the block: an analysis of modern blockchains},
  author={Anderson, Luke and Holz, Ralph and Ponomarev, Alexander and Rimba, Paul and Weber, Ingo},
  journal={arXiv preprint arXiv:1606.06530},
  year={2016}
}

@inproceedings{grishchenko2018semantic,
  title={A Semantic Framework for the Security Analysis of Ethereum smart contracts},
  author={Grishchenko, Ilya and Maffei, Matteo and Schneidewind, Clara},
  booktitle={International Conference on Principles of Security and Trust},
  pages={243--269},
  year={2018},
  organization={Springer}
}

@inproceedings{bartoletti2017empirical,
  title={An empirical analysis of smart contracts: platforms, applications, and design patterns},
  author={Bartoletti, Massimo and Pompianu, Livio},
  booktitle={International Conference on Financial Cryptography and Data Security},
  pages={494--509},
  year={2017},
  organization={Springer}
}

@article{bartoletti2017dissecting,
  title={Dissecting Ponzi schemes on Ethereum: identification, analysis, and impact},
  author={Bartoletti, Massimo and Carta, Salvatore and Cimoli, Tiziana and Saia, Roberto},
  journal={arXiv preprint arXiv:1703.03779},
  year={2017}
}

@inproceedings{grishchenko2018foundations,
  title={Foundations and tools for the static analysis of ethereum smart contracts},
  author={Grishchenko, Ilya and Maffei, Matteo and Schneidewind, Clara},
  booktitle={International Conference on Computer Aided Verification},
  pages={51--78},
  year={2018},
  organization={Springer}
}

@article{tikhomirov2018smartcheck,
  title={SmartCheck: Static Analysis of Ethereum Smart Contracts},
  author={Tikhomirov, Sergei and Voskresenskaya, Ekaterina and Ivanitskiy, Ivan and Takhaviev, Ramil and Marchenko, Evgeny and Alexandrov, Yaroslav},
  year={2018}
}

@incollection{reid2013analysis,
  title={An analysis of anonymity in the bitcoin system},
  author={Reid, Fergal and Harrigan, Martin},
  booktitle={Security and privacy in social networks},
  pages={197--223},
  year={2013},
  publisher={Springer}
}

@article{drainville2012analysis,
  title={An analysis of the Bitcoin electronic cash system},
  author={Drainville, Danielle},
  journal={Waterloo, Canada: University of Waterloo},
  year={2012}
}

@article{ober2013structure,
  title={Structure and anonymity of the bitcoin transaction graph},
  author={Ober, Micha and Katzenbeisser, Stefan and Hamacher, Kay},
  journal={Future internet},
  volume={5},
  number={2},
  pages={237--250},
  year={2013},
  publisher={Multidisciplinary Digital Publishing Institute}
}

@inproceedings{meiklejohn2013fistful,
  title={A fistful of bitcoins: characterizing payments among men with no names},
  author={Meiklejohn, Sarah and Pomarole, Marjori and Jordan, Grant and Levchenko, Kirill and McCoy, Damon and Voelker, Geoffrey M and Savage, Stefan},
  booktitle={Proceedings of the 2013 conference on Internet measurement conference},
  pages={127--140},
  year={2013},
  organization={ACM}
}

@inproceedings{spagnuolo2014bitiodine,
  title={Bitiodine: Extracting intelligence from the bitcoin network},
  author={Spagnuolo, Michele and Maggi, Federico and Zanero, Stefano},
  booktitle={International Conference on Financial Cryptography and Data Security},
  pages={457--468},
  year={2014},
  organization={Springer}
}

@inproceedings{spagnuolo2014bitiodine,
  title={Bitiodine: Extracting intelligence from the bitcoin network},
  author={Spagnuolo, Michele and Maggi, Federico and Zanero, Stefano},
  booktitle={International Conference on Financial Cryptography and Data Security},
  pages={457--468},
  year={2014},
  organization={Springer}
}

@inproceedings{androulaki2013evaluating,
  title={Evaluating user privacy in bitcoin},
  author={Androulaki, Elli and Karame, Ghassan O and Roeschlin, Marc and Scherer, Tobias and Capkun, Srdjan},
  booktitle={International Conference on Financial Cryptography and Data Security},
  pages={34--51},
  year={2013},
  organization={Springer}
}

@article{kaminsky2011black,
  title={Black ops of TCP/IP 2011},
  author={Kaminsky, Dan},
  journal={Black Hat USA},
  pages={44},
  year={2011}
}

@article{kaminsky2011black,
  title={Black ops of TCP/IP},
  author={Kaminsky, D},
  journal={Black Hat USA},
  pages={44},
  year={2011}
}

@phdthesis{ortega2013bitcoin,
  title={The bitcoin transaction graph—anonymity},
  author={Ortega, Marc Santamaria},
  year={2013},
  school={Master’s thesis, Universitat Oberta de Catalunya}
}

@Misc{Buterin 2015,
  author =    {Butin, Vitalik},
  title =     {Merkling in Ethereum},
  year =      {2015},
  url = {"https://blog.ethereum.org/2015/11/15/merkling-in-ethereum/"},
  note = {online, access 14 Mar 2019}
}

@Misc{Ray 2018,
  author =    {Ray, James},
  title =     {Proof-of-Stake FAQ's},
  year =      {2018},
  url = {"https://github.com/ethereum/wiki/wiki/Proof-of-Stake-FAQs"},
  note = {online, access 14 Mar 2019}
}

@Misc{Ray 2018a,
  author =    {Ray, James},
  title =     {Ethereum Introduction},
  year =      {2018},
  url = {"https://github.com/ethereum/wiki/wiki/Ethereum-introduction"},
  note = {online, access 14 Mar 2019}
}

@Misc{Bisade 2018,
  author =    {Bisade, Asolo},
  title =     {Ethereum Virtual Machine Explained},
  year =      {2018},
  url = {"https://www.mycryptopedia.com/ethereum-virtual-machine-explained/ "},
  note = {online, access 14 Mar 2019}
}

@Misc{Kasireddz 2017,
  author =    {Kasireddy,Preethi},
  title =     {How does Ethereum work, anyway?},
  year =      {2017},
  url = {"https://medium.com/@preethikasireddy/how-does-ethereum-work-anyway-22d1df506369 "},
  note = {online, access 14 Mar 2019}
}

@Misc{Gadaleta 2018,
  author =    {Gadaleta, Francesco},
  title =     {This is how Ethereum works},
  year =      {2018},
  url = {"https://medium.com/fitchain/this-is-how-ethereum-works-60f37abd5ef5"},
  note = {online, access 14 Mar 2019}
}

@Misc{Giese 2018,
  author =    {Giese, Tanja},
  title =     {Vitalik Buterin: Millionen Transaktionen pro Sekunde dank Sharding und Plasma möglich},
  year =      {2018},
  url = {"https://www.btc-echo.de/vitalik-buterin-millionen-transaktionen-pro-sekunde-dank-sharding-und-plasma-moeglich/"},
  note = {online, access 14 Mar 2019}
}
@Misc{Chandersekhar 2018,
  author =    {Chandersekhar,Pramod},
  title =     {Ethereum Smart-Contracts: Most of them are rarely used!},
  year =      {2018},
  url = {"https://hackernoon.com/ethereum-smart-contracts-most-of-them-are-rarely-used-f45749730d3e"},
  note = {online, access 14 Mar 2019}
}
