@article{lischke2016analyzing,
  title={Analyzing the bitcoin network: The first four years},
  author={Lischke, Matthias and Fabian, Benjamin},
  journal={Future Internet},
  volume={8},
  number={1},
  pages={7},
  year={2016},
  publisher={Multidisciplinary Digital Publishing Institute}
}

@misc{payette2017characterizing,
  title={Characterizing the ethereum address space},
  author={Payette, James and Schwager, Samuel and Murphy, Joseph},
  year={2017}
}

@inproceedings{chan2017ethereum,
  title={Ethereum transaction graph analysis},
  author={Chan, Wren and Olmsted, Aspen},
  booktitle={2017 12th International Conference for Internet Technology and Secured Transactions (ICITST)},
  pages={498--500},
  year={2017},
  organization={IEEE}
}

@inproceedings{li2017etherql,
  title={EtherQL: a query layer for blockchain system},
  author={Li, Yang and Zheng, Kai and Yan, Ying and Liu, Qi and Zhou, Xiaofang},
  booktitle={International Conference on Database Systems for Advanced Applications},
  pages={556--567},
  year={2017},
  organization={Springer}
}

@inproceedings{anoaica2018quantitative,
  title={Quantitative Description of Internal Activity on the Ethereum Public Blockchain},
  author={Anoaica, Andra and Levard, Hugo},
  booktitle={New Technologies, Mobility and Security (NTMS), 2018 9th IFIP International Conference on},
  pages={1--5},
  year={2018},
  organization={IEEE}
}

@article{somin2018social,
  title={Social Signals in the Ethereum Trading Network},
  author={Somin, Shahar and Gordon, Goren and Altshuler, Yaniv},
  journal={arXiv preprint arXiv:1805.12097},
  year={2018}
}

@inproceedings{chen2018understanding,
  title={Understanding Ethereum via Graph Analysis},
  author={Chen, Ting and Zhu, Yuxiao and Li, Zihao and Chen, Jiachi and Li, Xiaoqi and Luo, Xiapu and Lin, Xiaodong and Zhange, Xiaosong},
  booktitle={IEEE INFOCOM 2018-IEEE Conference on Computer Communications},
  pages={1484--1492},
  year={2018},
  organization={IEEE}
}

@article{buterin2014next,
  title={A next-generation smart contract and decentralized application platform},
  author={Buterin, Vitalik and others},
  journal={white paper},
  year={2014}
}

@article{wood2014ethereum,
  title={Ethereum: A secure decentralised generalised transaction ledger},
  author={Wood, Gavin},
  journal={Ethereum project yellow paper},
  volume={151},
  pages={1--32},
  year={2014}
}

@article{maesa2018blockchain,
  title={Blockchain Applications: Bitcoin and Beyond},
  author={Maesa, Damiano Di Francesco},
  year={2018}
}

@mastersthesis{rudlang2017comparative,
  title={Comparative Analysis of Bitcoin and Ethereum},
  author={Rudlang, Marit},
  year={2017},
  school={NTNU}
}

@article{sapuric2017distributed,
  title={In Which Distributed Ledger Do We Trust? A Comparative Analysis Of Cryptocurrencies},
  author={Sapuric, Svetlana and Kokkinaki, Angelika and Georgiou, Ifigenia},
  journal={MCIS 2017 Proceedings},
  year={2017}
}

@article{anderson2016new,
  title={New kids on the block: an analysis of modern blockchains},
  author={Anderson, Luke and Holz, Ralph and Ponomarev, Alexander and Rimba, Paul and Weber, Ingo},
  journal={arXiv preprint arXiv:1606.06530},
  year={2016}
}

@inproceedings{grishchenko2018semantic,
  title={A Semantic Framework for the Security Analysis of Ethereum smart contracts},
  author={Grishchenko, Ilya and Maffei, Matteo and Schneidewind, Clara},
  booktitle={International Conference on Principles of Security and Trust},
  pages={243--269},
  year={2018},
  organization={Springer}
}

@inproceedings{bartoletti2017empirical,
  title={An empirical analysis of smart contracts: platforms, applications, and design patterns},
  author={Bartoletti, Massimo and Pompianu, Livio},
  booktitle={International Conference on Financial Cryptography and Data Security},
  pages={494--509},
  year={2017},
  organization={Springer}
}

@article{bartoletti2017dissecting,
  title={Dissecting Ponzi schemes on Ethereum: identification, analysis, and impact},
  author={Bartoletti, Massimo and Carta, Salvatore and Cimoli, Tiziana and Saia, Roberto},
  journal={arXiv preprint arXiv:1703.03779},
  year={2017}
}

@inproceedings{grishchenko2018foundations,
  title={Foundations and tools for the static analysis of ethereum smart contracts},
  author={Grishchenko, Ilya and Maffei, Matteo and Schneidewind, Clara},
  booktitle={International Conference on Computer Aided Verification},
  pages={51--78},
  year={2018},
  organization={Springer}
}

@article{tikhomirov2018smartcheck,
  title={SmartCheck: Static Analysis of Ethereum Smart Contracts},
  author={Tikhomirov, Sergei and Voskresenskaya, Ekaterina and Ivanitskiy, Ivan and Takhaviev, Ramil and Marchenko, Evgeny and Alexandrov, Yaroslav},
  year={2018}
}

@incollection{reid2013analysis,
  title={An analysis of anonymity in the bitcoin system},
  author={Reid, Fergal and Harrigan, Martin},
  booktitle={Security and privacy in social networks},
  pages={197--223},
  year={2013},
  publisher={Springer}
}

@inproceedings{baumann2014exploring,
author = {Baumann, Annika and Fabian, Benjamin and Lischke, Matthias},
year = {2014},
month = {04},
title = {Exploring the Bitcoin Network},
volume = {1},
journal = {WEBIST 2014 - Proceedings of the 10th International Conference on Web Information Systems and Technologies},
doi = {10.5220/0004937303690374}
}

@article{drainville2012analysis,
  title={An analysis of the Bitcoin electronic cash system},
  author={Drainville, Danielle},
  journal={Waterloo, Canada: University of Waterloo},
  year={2012}
}

@article{ober2013structure,
  title={Structure and anonymity of the bitcoin transaction graph},
  author={Ober, Micha and Katzenbeisser, Stefan and Hamacher, Kay},
  journal={Future internet},
  volume={5},
  number={2},
  pages={237--250},
  year={2013},
  publisher={Multidisciplinary Digital Publishing Institute}
}

@inproceedings{meiklejohn2013fistful,
  title={A fistful of bitcoins: characterizing payments among men with no names},
  author={Meiklejohn, Sarah and Pomarole, Marjori and Jordan, Grant and Levchenko, Kirill and McCoy, Damon and Voelker, Geoffrey M and Savage, Stefan},
  booktitle={Proceedings of the 2013 conference on Internet measurement conference},
  pages={127--140},
  year={2013},
  organization={ACM}
}

@inproceedings{spagnuolo2014bitiodine,
  title={Bitiodine: Extracting intelligence from the bitcoin network},
  author={Spagnuolo, Michele and Maggi, Federico and Zanero, Stefano},
  booktitle={International Conference on Financial Cryptography and Data Security},
  pages={457--468},
  year={2014},
  organization={Springer}
}

@inproceedings{androulaki2013evaluating,
  title={Evaluating user privacy in bitcoin},
  author={Androulaki, Elli and Karame, Ghassan O and Roeschlin, Marc and Scherer, Tobias and Capkun, Srdjan},
  booktitle={International Conference on Financial Cryptography and Data Security},
  pages={34--51},
  year={2013},
  organization={Springer}
}

@article{kaminsky2011black,
  title={Black ops of TCP/IP},
  author={Kaminsky, D},
  journal={Black Hat USA},
  pages={44},
  year={2011}
}

@phdthesis{ortega2013bitcoin,
  title={The bitcoin transaction graph—anonymity},
  author={Ortega, Marc Santamaria},
  year={2013},
  school={Master’s thesis, Universitat Oberta de Catalunya}
}

@inproceedings{graphintro,
  title = {Graph Theoretic Approaches for Analyzing Large-Scale Social Networks},
  author = {Meghanathan, N},
  pages = {7-34},
  year = {2018},
  organization = {IGI Global}
}

@article{graphcluster,
author = {Watts, Duncan and H. Strogatz, Steven},
year = {1998},
month = {07},
pages = {440-2},
title = {Collective Dynamics of Small World Networks},
volume = {393},
journal = {Nature},
doi = {10.1038/30918}
}

@inbook{graphbs,
author = {Knorr, Charlotte},
year = {2019},
month = {01},
pages = {267-270},
title = {Holland/Leinhardt (1971): Transitivity in Structural Models of Small Groups},
isbn = {978-3-658-21741-9}
}

@techreport{Python,
 author = {Rossum, Guido},
 title = {Python Reference Manual},
 year = {1995},
 source = {http://www.ncstrl.org:8900/ncstrl/servlet/search?formname=detail\&id=oai%3Ancstrlh%3Aercim_cwi%3Aercim.cwi%2F%2FCS-R9525},
 publisher = {CWI (Centre for Mathematics and Computer Science)},
 address = {Amsterdam, The Netherlands, The Netherlands},
}

@InProceedings{ scipy,
  author    = { Wes McKinney },
  title     = { Data Structures for Statistical Computing in Python },
  booktitle = { Proceedings of the 9th Python in Science Conference },
  pages     = { 51 - 56 },
  year      = { 2010 },
  editor    = { St\'efan van der Walt and Jarrod Millman }
}

@InProceedings{networkx,
  author =       {Aric A. Hagberg and Daniel A. Schult and Pieter J. Swart},
  title =        {Exploring Network Structure, Dynamics, and Function using NetworkX},
  booktitle =   {Proceedings of the 7th Python in Science Conference},
  pages =     {11 - 15},
  address = {Pasadena, CA USA},
  year =      {2008},
  editor =    {Ga\"el Varoquaux and Travis Vaught and Jarrod Millman},
}

@Article{matplotlib,
  Author    = {Hunter, J. D.},
  Title     = {Matplotlib: A 2D graphics environment},
  Journal   = {Computing In Science \& Engineering},
  Volume    = {9},
  Number    = {3},
  Pages     = {90--95},
  abstract  = {Matplotlib is a 2D graphics package used for Python
  for application development, interactive scripting, and
  publication-quality image generation across user
  interfaces and operating systems.},
  publisher = {IEEE COMPUTER SOC},
  doi       = {10.1109/MCSE.2007.55},
  year      = 2007
}

@Misc{psycopg,
  author =    {Di Gregorio, F. and Varrazzo, D},
  title =     {psycopg2: PostgreSQL database adapter for Python},
  year =      {2001-2019},
  url = {http://www.postgresql.org/},
  note = {[Online; accessed 10-03-2019]}
}

@Misc{web3,
  author =    {Piper, M and Caver, J},
  title =     {{Web3py}: A {Python} interface for interacting with the Ethereum blockchain and ecosystem},
  year =      {2018},
  url = {"https://github.com/ethereum/web3.py"},
  note = {[Online; accessed 10-03-2019]}
}

@article{powerlaw,
author = {Alstott, Jeff and Bullmore, Edward and Plenz, Dietmar},
year = {2014},
month = {01},
pages = {e85777},
title = {powerlaw: A Python Package for Analysis of Heavy-Tailed Distributions},
volume = {9},
journal = {PloS one},
doi = {10.1371/journal.pone.0085777}
}

@article{Newman2003,
  title={The Structure and Function of Complex Networks},
  author={Mark E. J. Newman},
  journal={SIAM Review},
  year={2003},
  volume={45},
  pages={167-256}
}

@inproceedings{ccdf2015,
  title={Complementary Cumulative Distribution Function for PerformanceAnalysis of OFDM Signals And Implement PAPR Reduction Techniques In OFDM System usinng CCDF function on matlab},
  author={Lekhraj Udaigiriya and Sudhir Kumar Sharma},
  year={2015}
}

@inproceedings{balthasar2017laundary,
author = {de Balthasar, Thibault and Hernandez-Castro, Julio},
year = {2017},
month = {09},
pages = {},
title = {An Analysis of Bitcoin Laundry Services},
doi = {10.1007/978-3-319-70290-2_18}
}

@article{preethi,
author = {Preethi, Kasireddy},
year = {2017},
month = {09},
url = {https://medium.com/@preethikasireddy/how-does-ethereum-work-anyway-22d1df506369},
note = {[Online; accessed 2019-03-21]}
}







@inproceedings{albert2018ethir,
  title={EthIR: A framework for high-level analysis of Ethereum bytecode},
  author={Albert, Elvira and Gordillo, Pablo and Livshits, Benjamin and Rubio, Albert and Sergey, Ilya},
  booktitle={International Symposium on Automated Technology for Verification and Analysis},
  pages={513--520},
  year={2018},
  organization={Springer}
}

@inproceedings{somin2018network,
  title={Network Analysis of ERC20 Tokens Trading on Ethereum Blockchain},
  author={Somin, Shahar and Gordon, Goren and Altshuler, Yaniv},
  booktitle={International Conference on Complex Systems},
  pages={439--450},
  year={2018},
  organization={Springer}
}

@article{perezanalysis,
  title={Analysis of the Ethereum state},
  author={P{\'e}rez Jim{\'e}nez, Carlos},
  publisher={Universitat Oberta de Catalunya},
  url={http://openaccess.uoc.edu/webapps/o2/bitstream/10609/74445/6/cperezjimenezTFM0118memoria.pdf}
}
  
@mastersthesis{signer2018gas,
  title={Gas Cost Analysis for Ethereum Smart Contracts},
  author={Signer, Christopher},
  year={2018},
  school={ETH Zurich, Department of Computer Science},
  url={https://www.research-collection.ethz.ch/bitstream/handle/20.500.11850/312914/1/TMeineOrdnerMaster-ArbeitenHS18Signer_Christopher.pdf}
}
  
@inproceedings{dennis2019analysis,
  title={An Analysis into the Scalability of Bitcoin and Ethereum},
  author={Dennis, Richard and Disso, Jules Pagna},
  booktitle={Third International Congress on Information and Communication Technology},
  pages={619--627},
  year={2019},
  organization={Springer}
}
  
@inproceedings{pratama2018query,
  title={Query Support for Data Processing and Analysis on Ethereum Blockchain},
  author={Pratama, Fariz Azmi and Mutijarsa, Kusprasapta},
  booktitle={2018 International Symposium on Electronics and Smart Devices (ISESD)},
  pages={1--5},
  year={2018},
  organization={IEEE}
}
  
@article{bennink2018analysis,
  title={An Analysis of Atomic Swaps on and between Ethereum Blockchains using Smart Contracts},
  author={Bennink, Peter and Gijtenbeek, Lennart van and Deventer, Oskar van and Everts, Maarten},
  year={2018},
  url={https://work.delaat.net/rp/2017-2018/p42/report.pdf}
}
  
@article{bentkeanalysis,
  title={Analysis and realisation of acceptance criteria for pending transactions in an ethereum-blockchain environment},
  author={Bentke, Jonas},
  url={https://monami.hs-mittweida.de/files/9185/Bachelorarbeit_Bentke_IF14wS-B_38209.pdf}
}

@article{grishchenkoethertrust,
  title={EtherTrust: Sound Static Analysis of Ethereum bytecode},
  author={Grishchenko, Ilya and Maffei, Matteo and Schneidewind, Clara},
  url={https://www.netidee.at/sites/default/files/2018-07/staticanalysis.pdf}
}

@inproceedings{bistarelli2019analysis,
  title={Analysis of Ethereum Smart Contracts and Opcodes},
  author={Bistarelli, Stefano and Mazzante, Gianmarco and Micheletti, Matteo and Mostarda, Leonardo and Tiezzi, Francesco},
  booktitle={International Conference on Advanced Information Networking and Applications},
  pages={546--558},
  year={2019},
  organization={Springer}
}

@inproceedings{kiffer2017stick,
  title={Stick a fork in it: Analyzing the Ethereum network partition},
  author={Kiffer, Lucianna and Levin, Dave and Mislove, Alan},
  booktitle={Proceedings of the 16th ACM Workshop on Hot Topics in Networks},
  pages={94--100},
  year={2017},
  organization={ACM}
}

@article{zwang2018detecting,
  title={Detecting Bot Activity in the Ethereum Blockchain Network},
  author={Zwang, Morit and Somin, Shahar and Pentland, Alex'Sandy' and Altshuler, Yaniv},
  journal={arXiv preprint arXiv:1810.01591},
  year={2018},
  url={https://arxiv.org/pdf/1810.01591.pdf}
}

@inproceedings{kim2018measuring,
  title={Measuring Ethereum Network Peers},
  author={Kim, Seoung Kyun and Ma, Zane and Murali, Siddharth and Mason, Joshua and Miller, Andrew and Bailey, Michael},
  booktitle={Proceedings of the Internet Measurement Conference 2018},
  pages={91--104},
  year={2018},
  organization={ACM}
}

@inproceedings{greene2018investigation,
  title={An investigation into a denial of service attack on an ethereum network},
  author={Greene, Richard and Johnstone, Michael N},
  booktitle={Proceedings of the 16th Australian Information Security Management Conference},
  pages={90},
  year={2018},
  url={https://ro.ecu.edu.au/cgi/viewcontent.cgi?article=1219&context=ism}
}

@article{correa2017pocket,
  title={Pocket Network: A decentralized relay network built on Ethereum for enabling blockchain transactions over network protocols},
  author={Correa, Luis and Nu{\~n}ez, Pabel and O’Rourke, Michael},
  year={2017},
  url={https://uploads-ssl.webflow.com/5a87188ff17ef60001879366/5a944135d16f7900017323e2_Pocket%20White%20Paper.pdf}
}
